
@article{smith2020example,
  title={An Example Article for Demonstration},
  author={Smith, John and Doe, Jane},
  journal={Journal of Academic Examples},
  volume={45},
  number={3},
  pages={123--145},
  year={2020}
}

@book{jones2019research,
  title={Research Methods for Academic Writing},
  author={Jones, Michael},
  year={2019},
  publisher={Academic Press}
}

@article{wilson2021theoretical,
  title={Theoretical Frameworks in Contemporary Research},
  author={Wilson, Sarah and Chen, Wei},
  journal={Theory and Practice Journal},
  volume={12},
  number={2},
  pages={78--96},
  year={2021}
}

@article{brown2018review,
  title={A Systematic Review of Research Methodologies},
  author={Brown, Thomas and Wong, Lisa},
  journal={Methodology Review},
  volume={33},
  pages={209--228},
  year={2018}
}

@article{taylor2022integration,
  title={Integrating Quantitative and Qualitative Approaches},
  author={Taylor, Emma and Patel, Raj},
  journal={Mixed Methods Research},
  volume={8},
  number={4},
  pages={345--367},
  year={2022}
}